<record><leader>00000cas a22000007a 4500</leader><controlfield tag="001">14699473</controlfield><controlfield tag="008">861111d189u190utxuwr ne      0    0eng d</controlfield><datafield ind1=" " ind2=" " tag="010"><subfield code="a">sn 86090075 </subfield></datafield><datafield ind1=" " ind2=" " tag="040"><subfield code="a">PPM</subfield><subfield code="b">eng</subfield><subfield code="c">PPM</subfield><subfield code="d">OCLCQ</subfield></datafield><datafield ind1=" " ind2=" " tag="042"><subfield code="a">msc</subfield></datafield><datafield ind1="0" ind2=" " tag="130"><subfield code="a">Industrial press (Rusk, Tex.)</subfield></datafield><datafield ind1="1" ind2="0" tag="245"><subfield code="a">Industrial press.</subfield></datafield><datafield ind1=" " ind2=" " tag="260"><subfield code="a">Rusk, Tex. :</subfield><subfield code="b">[s.n.]</subfield></datafield><datafield ind1=" " ind2=" " tag="300"><subfield code="a">v. :</subfield><subfield code="b">ill. ;</subfield><subfield code="c">40 cm.</subfield></datafield><datafield ind1=" " ind2=" " tag="310"><subfield code="a">Weekly</subfield></datafield><datafield ind1=" " ind2=" " tag="588"><subfield code="a">Description based on: Vol. 3, no. 6 (Mar. 16, 1899).</subfield></datafield><datafield ind1=" " ind2=" " tag="752"><subfield code="a">United States</subfield><subfield code="b">Texas</subfield><subfield code="c">Cherokee</subfield><subfield code="d">Rusk.</subfield></datafield><datafield ind1="0" ind2="0" tag="780"><subfield code="t">Standard herald</subfield><subfield code="w">(DLC)sn 86009079</subfield></datafield><datafield ind1="0" ind2="7" tag="785"><subfield code="t">Rusk weekly journal</subfield><subfield code="w">(DLC)sn 86090041</subfield></datafield><datafield ind1="0" ind2="7" tag="785"><subfield code="t">Press-journal (Rusk, Tex.)</subfield><subfield code="w">(DLC)sn 86088507</subfield></datafield></record>